@MISC{StatistaWorkingHours,
 KEY = 1,
 TITLE  = {Cross-platform mobile frameworks used by software developers},
 url    = {https://www.statista.com/statistics/869224/worldwide-software-developer-working-hours/},
 YEAR   = {2023}
}

@MISC{JavaByteCode,
 KEY = 2,
 TITLE  = {Java Byte Code},
 url    = {https://web.archive.org/web/20140328021346/http://www.dcs.ed.ac.uk/teaching/cs1/CS1/Bh/Notes/JavaByteCode.pdf},
 YEAR   = {2003}
}

@MISC{Refubium1998,
 KEY = 3,
 TITLE  = {Byte Code Engineering},
 url    = {https://refubium.fu-berlin.de/bitstream/handle/fub188/18796/1998_17.pdf?sequence=1&isAllowed=y},
 YEAR   = {1998}
}

@MISC{JavaVirtualMachine,
 KEY = 4,
 TITLE  = {Java and the Java Virtual Machine},
 url    = {https://books.google.de/books?hl=de&lr=&id=0D-qCAAAQBAJ&oi=fnd&pg=PA1&dq=java+virtual+machine+jvm&ots=vWZR8clDOQ&sig=ZcJwmPZLh6Xd6Y5IeABdl4IVopQ#v=onepage&q=java%20virtual%20machine%20jvm&f=false},
 YEAR   = {2001}
}

@MISC{CodeCoverage,
 KEY = 5,
 TITLE  = {Virtual DOM Coverage},
 url    = {https://personal.utdallas.edu/~lxz144130/cs6301-readings/coverage-zou-issta14.pdf},
 YEAR   = {2014}
}

@MISC{SwiftModern,
 KEY = 6,
 TITLE  = {Modern Swift Programming Language},
 url    = {https://developer.apple.com/swift/#modern},
}

@MISC{LLVM,
 KEY = 7,
 TITLE  = {LLVM Project},
 url    = {https://llvm.org/},
}

@MISC{KotlinFirst,
 KEY = 8,
 TITLE  = {Android mit Kotlin},
 url    = {https://developer.android.com/kotlin/first?hl=de},
 YEAR   = {2024}
}

@MISC{CrossPlatformAnalysis,
 KEY = 9,
 TITLE  = {A Comparative Analysis of Cross-platform Frameworks},
 url    = {https://dl.acm.org/doi/abs/10.1145/2490257.2490292},
 YEAR   = {2016}
}

@MISC{ReactNativeEnvironment,
 KEY = 10,
 TITLE  = {React Native JavaScript Environment},
 url    = {https://reactnative.dev/docs/javascript-environment.html},
 YEAR   = {2024}
}

@MISC{ReactNativeCommunication,
 KEY = 11,
 TITLE  = {React Native Communication with iOS},
 url    = {https://reactnative.dev/docs/communication-ios},
 YEAR   = {2024}
}

@MISC{ReactNativeBridge,
 KEY = 12,
 TITLE  = {What is a Bridge in React Native?},
 url    = {https://www.geeksforgeeks.org/what-is-a-bridge-in-react-native/},
 YEAR   = {2024}
}

@MISC{ExpoCoreConcepts,
 KEY = 13,
 TITLE  = {Expo Core Concepts},
 url    = {https://docs.expo.dev/core-concepts/},
 YEAR   = {2024}
}

@MISC{JavaScriptCore,
 KEY = 14,
 TITLE  = {JavaScriptCore Deep Dive},
 url    = {https://docs.webkit.org/Deep%20Dive/JSC/JavaScriptCore.html},
}

@MISC{ReactNativeHermes,
 KEY = 15,
 TITLE  = {Hermes in React Native},
 url    = {https://reactnative.dev/docs/hermes},
 YEAR   = {2024}
}

@MISC{ExpoMetro,
 KEY = 16,
 TITLE  = {Metro in Expo},
 url    = {https://docs.expo.dev/guides/customizing-metro/},
 YEAR   = {2024}
}

@MISC{FlutterOverview,
 KEY = 17,
 TITLE  = {Flutter Architectural Overview},
 url    = {https://docs.flutter.dev/resources/architectural-overview},
 YEAR   = {2024}
}

@MISC{DartLanguage,
 KEY = 18,
 TITLE  = {Dart Language},
 url    = {https://dart.dev/language},
 YEAR   = {2024}
}

@MISC{DartPlatform,
 KEY = 19,
 TITLE  = {Dart Overview and Platform Support},
 url    = {https://dart.dev/overview#platform},
 YEAR   = {2024}
}

@MISC{FlutterCompilation,
 KEY = 20,
 TITLE  = {Flutter Compilation Process},
 url    = {https://books.google.de/books?hl=de&lr=&id=EzgzEAAAQBAJ&oi=fnd&pg=PT19&dq=flutter+compilation&ots=7zqFz26oDW&sig=rxvPtR4oy9dC9deo5jYfLTMnybM#v=onepage&q&f=false},
}

@MISC{PlatformChannels,
 KEY = 21,
 TITLE  = {Flutter Platform Channels},
 url    = {https://docs.flutter.dev/platform-integration/platform-channels},
 YEAR   = {2024}
}

@MISC{ReactNativeNewArchitecture,
 KEY = 22,
 TITLE  = {The New Architecture of React Native},
 url    = {https://reactnative.dev/blog/2024/10/23/the-new-architecture-is-here},
 YEAR   = {2024}
} 

@MISC{ReactNativeSkia,
 KEY = 23,
 TITLE  = {React Native Skia},
 url    = {https://shopify.github.io/react-native-skia/},
}

@MISC{FlutterBloc,
 KEY = 24,
 TITLE  = {Flutter Bloc State Management},
 url    = {https://pub.dev/packages/flutter_bloc},
}

@MISC{AssemblyLanguage,
 KEY = 25,
 TITLE  = {Assembly Language},
 url    = {https://wiki.c2.com/?AssemblyLanguage},
 YEAR   = {2014}
 }

@MISC{MachineCode,
 KEY = 26, 
 TITLE  = {Machine Code},
 url    = {https://wiki.c2.com/?MachineCode},
 YEAR   = {2014}
 }

@MISC{ReactNativeBridge,
 KEY = 27, 
 TITLE  = {React Native Bridge},
 url    = {https://didikmulyadi.medium.com/measurement-react-native-performance-3da2fc7ac201},
 YEAR   = {2023}
 }

@MISC{WebAssembly,
 KEY = 28,
 TITLE  = {WebAssemmbly},
 url    = {https://webassembly.org/},
}

@MISC{WebAssemblyVsJavaScript,
 KEY = 29,
 TITLE  = {WebAssembly versus JavaScript},
 url    = {https://repositorio.inesctec.pt/server/api/core/bitstreams/0870fb76-d463-456b-9e34-5b33bb7c0dd1/content},
}